<record><leader>00000cas a2200000 a 4500</leader><controlfield tag="001">30950198</controlfield><controlfield tag="008">940815c19939999ctumr ne      0   a0eng c</controlfield><datafield ind1=" " ind2=" " tag="010"><subfield code="a">sn 94004073 </subfield></datafield><datafield ind1=" " ind2=" " tag="040"><subfield code="a">KLG</subfield><subfield code="b">eng</subfield><subfield code="c">KLG</subfield><subfield code="d">NSD</subfield><subfield code="d">OCLCQ</subfield><subfield code="d">OCLCF</subfield><subfield code="d">OCLCO</subfield></datafield><datafield ind1=" " ind2=" " tag="012"><subfield code="m">0</subfield></datafield><datafield ind1="0" ind2=" " tag="022"><subfield code="a">1079-1000</subfield><subfield code="l">1079-1000</subfield><subfield code="2">1</subfield></datafield><datafield ind1="1" ind2=" " tag="029"><subfield code="a">AU@</subfield><subfield code="b">000011304576</subfield></datafield><datafield ind1=" " ind2=" " tag="042"><subfield code="a">nsdp</subfield><subfield code="a">pcc</subfield></datafield><datafield ind1=" " ind2=" " tag="043"><subfield code="a">n-us-ct</subfield></datafield><datafield ind1="1" ind2="0" tag="082"><subfield code="a">798</subfield><subfield code="2">12</subfield></datafield><datafield ind1=" " ind2=" " tag="090"><subfield code="a">SF277</subfield><subfield code="b">.H76</subfield></datafield><datafield ind1="0" ind2=" " tag="210"><subfield code="a">Horses Conn.</subfield></datafield><datafield ind1=" " ind2="0" tag="222"><subfield code="a">Horses of Connecticut</subfield></datafield><datafield ind1="0" ind2="0" tag="245"><subfield code="a">Horses of Connecticut.</subfield></datafield><datafield ind1=" " ind2=" " tag="260"><subfield code="a">Newtown, CT :</subfield><subfield code="b">Bee Pub. Co.</subfield></datafield><datafield ind1=" " ind2=" " tag="300"><subfield code="a">v. :</subfield><subfield code="b">ill. ;</subfield><subfield code="c">43 cm.</subfield></datafield><datafield ind1=" " ind2=" " tag="310"><subfield code="a">Monthly</subfield></datafield><datafield ind1="1" ind2=" " tag="362"><subfield code="a">Began with: Vol. 1, no. 1 (Mar. 1993).</subfield></datafield><datafield ind1=" " ind2=" " tag="588"><subfield code="a">Description based on: Vol. 2, no. 6 (July 1994); title from cover.</subfield></datafield><datafield ind1=" " ind2="0" tag="650"><subfield code="a">Horses</subfield><subfield code="v">Periodicals.</subfield></datafield><datafield ind1=" " ind2="0" tag="650"><subfield code="a">Horse industry</subfield><subfield code="z">Connecticut</subfield><subfield code="v">Periodicals.</subfield></datafield><datafield ind1=" " ind2="7" tag="655"><subfield code="a">Periodicals.</subfield><subfield code="2">fast</subfield><subfield code="0">(OCoLC)fst01411641</subfield></datafield><datafield ind1=" " ind2="7" tag="650"><subfield code="a">Horse industry.</subfield><subfield code="2">fast</subfield><subfield code="0">(OCoLC)fst00960469</subfield></datafield><datafield ind1=" " ind2="7" tag="650"><subfield code="a">Horses.</subfield><subfield code="2">fast</subfield><subfield code="0">(OCoLC)fst00960603</subfield></datafield><datafield ind1=" " ind2="7" tag="651"><subfield code="a">Connecticut.</subfield><subfield code="2">fast</subfield><subfield code="0">(OCoLC)fst01205688</subfield></datafield></record>